@article{want1992active,
	title={The active badge location system},
	author={Want, Roy and Hopper, Andy and Falcao, Veronica and Gibbons, Jonathan},
	journal={ACM Transactions on Information Systems (TOIS)},
	volume={10},
	number={1},
	pages={91--102},
	year={1992},
	publisher={ACM}
}

@article{ni2004landmarc,
	title={LANDMARC: indoor location sensing using active RFID},
	author={Ni, Lionel M and Liu, Yunhao and Lau, Yiu Cho and Patil, Abhishek P},
	journal={Wireless networks},
	volume={10},
	number={6},
	pages={701--710},
	year={2004},
	publisher={Springer}
}

@article{liu2007survey,
	title={Survey of wireless indoor positioning techniques and systems},
	author={Liu, Hui and Darabi, Houshang and Banerjee, Pat and Liu, Jing},
	journal={Systems, Man, and Cybernetics, Part C: Applications and Reviews, IEEE Transactions on},
	volume={37},
	number={6},
	pages={1067--1080},
	year={2007},
	publisher={IEEE}
}

@article{gu2009survey,
	title={A survey of indoor positioning systems for wireless personal networks},
	author={Gu, Yanying and Lo, Anthony and Niemegeers, Ignas},
	journal={Communications Surveys \& Tutorials, IEEE},
	volume={11},
	number={1},
	pages={13--32},
	year={2009},
	publisher={IEEE}
}



@inproceedings{bahl2000radar,
	title={RADAR: An in-building RF-based user location and tracking system},
	author={Bahl, Paramvir and Padmanabhan, Venkata N},
	booktitle={INFOCOM 2000. Nineteenth Annual Joint Conference of the IEEE Computer and Communications Societies. Proceedings. IEEE},
	volume={2},
	pages={775--784},
	year={2000},
	organization={Ieee}
}

	

	
@inproceedings{baniukevic2013hybrid,
	title={Hybrid indoor positioning with Wi-Fi and Bluetooth: Architecture and performance},
	author={Baniukevic, Artur and Jensen, Christian S and Lu, Hua},
	booktitle={Mobile Data Management (MDM), 2013 IEEE 14th International Conference on},
	volume={1},
	pages={207--216},
	year={2013},
	organization={IEEE}
}


@Article{ZsoltToth2015,
	Title                    = {Data Model for Hybrid Indoor Positioning Systems},
	Author                   = {Zsolt Tóth, Péter Magnucz, Richárd Németh, Judit Tamás},
	Journal                  = {Production Systems and Information Engineering},
	Year                     = {2015},
	
	Month                    = {12},
	Note                     = {HU ISSN 1785-1270},
	Number                   = {1},
	Pages                    = {67-80},
	Volume                   = {7},
	
	Owner                    = {zsolt},
	Timestamp                = {2015.12.09}
}

@inproceedings{kjaergaard2012mobile,
	title={Mobile sensing of pedestrian flocks in indoor environments using wifi signals},
	author={Kj{\ae}rgaard, Mikkel Baun and Wirz, Martin and Roggen, Daniel and Tr{\"o}ster, Gerhard},
	booktitle={Pervasive Computing and Communications (PerCom), 2012 IEEE International Conference on},
	pages={95--102},
	year={2012},
	organization={IEEE}
}
@inproceedings{kaemarungsi2004properties,
	title={Properties of indoor received signal strength for WLAN location fingerprinting},technology and kovacs laca kiraly
	author={Kaemarungsi, Kamol and Krishnamurthy, Prashant},
	booktitle={Mobile and Ubiquitous Systems: Networking and Services, 2004. MOBIQUITOUS 2004. The First Annual International Conference on},
	pages={14--23},
	year={2004},
	organization={IEEE}
}
@inproceedings{honkavirta2009comparative,
	title={A comparative survey of WLAN location fingerprinting methods},
	author={Honkavirta, Ville and Per{\"a}l{\"a}, Tommi and Ali-L{\"o}ytty, Simo and Pich{\'e}, Robert},
	booktitle={Positioning, Navigation and Communication, 2009. WPNC 2009. 6th Workshop on},
	pages={243--251},
	year={2009},
	organization={IEEE}
}
@inproceedings{chen2002signal,
	title={Signal strength based indoor geolocation},
	author={Chen, Yongguang and Kobayashi, Hisashi},
	booktitle={Communications, 2002. ICC 2002. IEEE International Conference on},
	volume={1},
	pages={436--439},
	year={2002},
	organization={IEEE}
}
@article{kalman1960new,
	title={A new approach to linear filtering and prediction problems},
	author={Kalman, Rudolph Emil},
	journal={Journal of basic Engineering},
	volume={82},
	number={1},
	pages={35--45},
	year={1960},
	publisher={American Society of Mechanical Engineers}
}
@inproceedings{youssef2005horus,
	title={The Horus WLAN location determination system},
	author={Youssef, Moustafa and Agrawala, Ashok},
	booktitle={Proceedings of the 3rd international conference on Mobile systems, applications, and services},
	pages={205--218},
	year={2005},
	organization={ACM}
}
@article{evennou2006advanced,
  title={Advanced integration of WiFi and inertial navigation systems for indoor mobile positioning},
  author={Evennou, Fr{\'e}d{\'e}ric and Marx, Fran{\c{c}}ois},
  journal={Eurasip journal on applied signal processing},
  volume={2006},
  pages={164--164},
  year={2006},
  publisher={Hindawi Publishing Corp.}
}
@book{o2005ieee,
  title={IEEE 802.11 handbook: a designer's companion},
  author={O'hara, Bob and Petrick, Al},
  year={2005},
  publisher={IEEE Standards Association}
  
}
@inproceedings{youssef2004handling,
  title={Handling samples correlation in the horus system},
  author={Youssef, Moustafa and Agrawala, Ashok},
  booktitle={INFOCOM 2004. Twenty-third AnnualJoint Conference of the IEEE Computer and Communications Societhttps://www.eeb.ucla.edu/test/faculty/nezlin/SatellitesAndSensors.htmies},
  volume={2},
  pages={1023--1031},
  year={2004},
  organization={IEEE}
}

@book{durbin2012time,
  title={Time series analysis by state space methods},
  author={Durbin, James and Koopman, Siem Jan},
  number={38},
  year={2012},
  publisher={Oxford University Press}
}

@misc{HORUS,
	title={The Horus WLAN Location Determination System},
	howpublished = "\url{https://www.usenix.org/legacy/publications/library/proceedings/mobisys05/tech/full_papers/youssef/youssef_html/index.html}",
	note = "[Online; accessed 08-April-2016]"
}

@misc{HORUS,
	title={The Horus WLAN Location Determination System},
	howpublished = "\url{https://www.usenix.org/legacy/publications/library/proceedings/mobisys05/tech/full_papers/youssef/youssef_html/index.html}",
	note = "[Online; accessed 03-April-2016]"
}@misc{Reflections,
title={802.11g Starts Answering WLAN Range Questions},
howpublished = "\url{http://www.eetimes.com/document.asp?doc_id=1271877}",
note = "[Online; accessed 02-April-2016]"
}