@inproceedings{wan2000unscented,
  title={The unscented Kalman filter for nonlinear estimation},
  author={Wan, Eric A and Van Der Merwe, Ronell},
  booktitle={Adaptive Systems for Signal Processing, Communications, and Control Symposium 2000. AS-SPCC. The IEEE 2000},
  pages={153--158},
  year={2000},
  organization={Ieee}
}


@article{camp2008ieee,
  title={The IEEE 802.11 s extended service set mesh networking standard},
  author={Camp, Joseph D and Knightly, Edward W},
  journal={Communications Magazine, IEEE},
  volume={46},
  number={8},
  pages={120--126},
  year={2008},
  publisher={IEEE}
}
